<?xml version="1.0" encoding="UTF-8" ?>
<collection xmlns:xsi="http://www.w3.org/2001/XMLSchema-instance"
    xsi:schemaLocation="http://www.loc.gov/MARC21/slim
        http://www.loc.gov/standards/marcxml/schema/MARC21slim.xsd"
    xmlns="http://www.loc.gov/MARC21/slim">
<record>
  <leader>00262cam a2200505 i 4500</leader>
  <controlfield tag="001">b12775733</controlfield>
  <controlfield tag="003">LeBAU</controlfield>
  <controlfield tag="005">20170718</controlfield>
  <controlfield tag="008">971124s1939    mr afh        ||1 0 ara d</controlfield>
  <datafield tag="035" ind1=" " ind2=" ">
    <subfield code="a">ocn784510822</subfield>
  </datafield>
  <datafield tag="040" ind1=" " ind2=" ">
    <subfield code="a">LEAUB</subfield>
    <subfield code="b">ara</subfield>
    <subfield code="e">rda</subfield>
    <subfield code="c">LEAUB</subfield>
    <subfield code="d">LEAUB</subfield>
  </datafield>
  <datafield tag="041" ind1="0" ind2=" ">
    <subfield code="a">ara</subfield>
    <subfield code="b">spa</subfield>
  </datafield>
  <datafield tag="082" ind1="0" ind2="4">
    <subfield code="a">610</subfield>
    <subfield code="2">22</subfield>
  </datafield>
  <datafield tag="100" ind1="0" ind2=" ">
    <subfield code="6">880-01</subfield>
    <subfield code="a">Averroës,</subfield>
    <subfield code="d">1126-1198,</subfield>
    <subfield code="e">author.</subfield>
  </datafield>
  <datafield tag="245" ind1="1" ind2="0">
    <subfield code="6">880-02</subfield>
    <subfield code="a">Kitāb al-Kullīyāt /</subfield>
    <subfield code="c">li-Abī al-Walīd Muḥammad ibn Rushd al-Andalusī ; Qad kataba al-muqaddimah wa-waḍaʻa al-fahāris al-ʻilmīyah li-hadhā al-kitāb al-adīb al-nāhiḍ Alfrīd al-Bustānī, ustādh al-ādāb al-‘Arabīyah fī Ma‘had al-Dirāsāt al-Maghribīyah fī Tiṭwān ; wa-qad tarjama al-muqaddimah wa-al-fahāris ilá al-lughah al-Isbānīyah ḥaḍrat al-fāḍil al-ḍūn Kristūbal Bīris Bīrā.</subfield>
  </datafield>
  <datafield tag="246" ind1="3" ind2="0">
    <subfield code="6">880-03</subfield>
    <subfield code="a">al-Kullīyāt</subfield>
  </datafield>
  <datafield tag="246" ind1="1" ind2="5">
    <subfield code="a">QUITAB EL CULIAT :</subfield>
    <subfield code="b">LIBRO DE LAS GENERALIDADES</subfield>
  </datafield>
  <datafield tag="246" ind1="3" ind2="0">
    <subfield code="a">LIBRO DE LAS GENERALIDADES</subfield>
  </datafield>
  <datafield tag="264" ind1=" " ind2="1">
    <subfield code="6">880-04</subfield>
    <subfield code="a">al-‘Arā’ish, al-Maghrib :</subfield>
    <subfield code="b">Manshūrāt Ma‘had al-Jinirāl Frankū, Lajnat al-Abḥāth al-‘Arabīyah al-Isbānīyah,</subfield>
    <subfield code="c">1939.</subfield>
  </datafield>
  <datafield tag="300" ind1=" " ind2=" ">
    <subfield code="6">880-05</subfield>
    <subfield code="a">1 volume (30, 240, 62, 43 pages), 2 unnumbered pages of plates, 1 unnumbered leaf of plates :</subfield>
    <subfield code="b">illustrations, facsimiles ; </subfield>
    <subfield code="c">26 cm.</subfield>
  </datafield>
  <datafield tag="336" ind1=" " ind2=" ">
    <subfield code="a">text</subfield>
    <subfield code="b">txt</subfield>
    <subfield code="2">rdacontent</subfield>
  </datafield>
  <datafield tag="336" ind1=" " ind2=" ">
    <subfield code="a">still image</subfield>
    <subfield code="b">sti</subfield>
    <subfield code="2">rdacontent </subfield>
  </datafield>
  <datafield tag="337" ind1=" " ind2=" ">
    <subfield code="a">unmediated</subfield>
    <subfield code="b">n</subfield>
    <subfield code="2">rdamedia</subfield>
  </datafield>
  <datafield tag="338" ind1=" " ind2=" ">
    <subfield code="a">volume</subfield>
    <subfield code="b">nc</subfield>
    <subfield code="2">rdacarrier</subfield>
  </datafield>
  <datafield tag="490" ind1="1" ind2=" ">
    <subfield code="6">880-06</subfield>
    <subfield code="a">Maʻhad al-Jinirāl Frankū, Lajnat al-Abḥāth al-ʻArabīyah al-Isbānīyah ;</subfield>
    <subfield code="v">sección primera</subfield>
  </datafield>
  <datafield tag="500" ind1=" " ind2=" ">
    <subfield code="a">"نسخة بخط يد عيسى بن أحمد بن محمد بن قادر القرطبي، نسخها عن نسخة المؤلف وبعنايته عام 583 هـ.، منقولة بالتصوير الشمسي"</subfield>
  </datafield>
  <datafield tag="546" ind1=" " ind2=" ">
    <subfield code="a">النص بالعربية؛ مع مقدمة وكشافات بالإسبانية.</subfield>
  </datafield>
  <datafield tag="600" ind1="0" ind2="4">
    <subfield code="a">إبن رشد،</subfield>
    <subfield code="d">1126-1198.</subfield>
  </datafield>
  <datafield tag="600" ind1="0" ind2="0">
    <subfield code="a">Averroës,</subfield>
    <subfield code="d">1126-1198.</subfield>
  </datafield>
  <datafield tag="650" ind1=" " ind2="4">
    <subfield code="a">الطب العربي</subfield>
    <subfield code="v">اعمال قديمة حتى 1800.</subfield>
  </datafield>
  <datafield tag="650" ind1=" " ind2="0">
    <subfield code="a">Medicine, Arab</subfield>
    <subfield code="v">Early works to 1800.</subfield>
  </datafield>
  <datafield tag="830" ind1=" " ind2="0">
    <subfield code="6">880-07</subfield>
    <subfield code="a">Maʻhad al-Jinirāl Frankū, Lajnat al-Abḥāth al-ʻArabīyah al-Isbānīyah ;</subfield>
    <subfield code="v">1.</subfield>
  </datafield>
  <datafield tag="852" ind1=" " ind2=" ">
    <subfield code="a">Jafet Archives and Special Collections</subfield>
    <subfield code="e">American University of Beirut, Bliss Street , Beirut, Lebanon.</subfield>
  </datafield>
  <datafield tag="880" ind1="0" ind2=" ">
    <subfield code="6">100-01/(3/r</subfield>
    <subfield code="a">إبن رشد،</subfield>
    <subfield code="d">1126-1198،</subfield>
    <subfield code="e">مؤلف. </subfield>
    <subfield code="4">aut.</subfield>
  </datafield>
  <datafield tag="880" ind1="1" ind2="0">
    <subfield code="6">245-02/(3/r</subfield>
    <subfield code="a">كتاب الكليات /</subfield>
    <subfield code="c">لأبي الوليد محمد بن رشد الأندلسي ؛ قد كتب المقدمة ووضع الفهارس العلمية لهذا الكتاب الأديب الناهض ألفريد البستاني، استاذ الآداب العربية في معهد الدراسات المغربية في تطوان ؛ وقد ترجم المقدمة والفهارس الى اللغة الاسبانية حضرة الفاضل الضون كريستوبال بيرس بيرا.</subfield>
  </datafield>
  <datafield tag="880" ind1="3" ind2="0">
    <subfield code="6">246-03/(3/r</subfield>
    <subfield code="a">الكليات</subfield>
  </datafield>
  <datafield tag="880" ind1=" " ind2="1">
    <subfield code="6">264-04/(3/r</subfield>
    <subfield code="a">العرائش، المغرب :</subfield>
    <subfield code="b">منشورات معهد الجنرال فرنكو، لجنة الأبحاث العربية الاسبانية،</subfield>
    <subfield code="c">1939.</subfield>
  </datafield>
  <datafield tag="880" ind1=" " ind2=" ">
    <subfield code="6">300-05/(3/r</subfield>
    <subfield code="a">1 جزء (30، 240، 62، 43 صفحة)، 2 صفحة لوحات غير مرقمة، 1 ورقة لوحات غير مرقمة :</subfield>
    <subfield code="b">مصورات، صور طبق الأصل ؛</subfield>
    <subfield code="c">26 سم.</subfield>
  </datafield>
  <datafield tag="880" ind1="1" ind2=" ">
    <subfield code="6">490-06/(3/r</subfield>
    <subfield code="a">معهد الجنرال فرانكو. لجنة الابحاث العربية الاسبانية ؛</subfield>
    <subfield code="v">sección primera</subfield>
  </datafield>
  <datafield tag="880" ind1=" " ind2="0">
    <subfield code="6">830-07/(3/r</subfield>
    <subfield code="a">معهد الجنرال فرانكو. لجنة الابحاث العربية الاسبانية ؛</subfield>
    <subfield code="v">1.</subfield>
  </datafield>
  <datafield tag="907" ind1=" " ind2=" ">
    <subfield code="a">.b12775733</subfield>
    <subfield code="b">17-07-26</subfield>
    <subfield code="c">11-05-24</subfield>
  </datafield>
  <datafield tag="907" ind1=" " ind2=" ">
    <subfield code="a">.b12775733</subfield>
    <subfield code="b">11-10-11</subfield>
    <subfield code="c">11-05-24</subfield>
  </datafield>
  <datafield tag="945" ind1=" " ind2=" ">
    <subfield code="f">CA</subfield>
    <subfield code="a">610:I131kA:c.1</subfield>
    <subfield code="i">01068157</subfield>
    <subfield code="j">.i13359514</subfield>
    <subfield code="l">u0304</subfield>
  </datafield>
  <datafield tag="945" ind1=" " ind2=" ">
    <subfield code="f">CA</subfield>
    <subfield code="a">610:I131kA:c.2</subfield>
    <subfield code="i">01068158</subfield>
    <subfield code="j">.i13359526</subfield>
    <subfield code="l">u0304</subfield>
  </datafield>
  <datafield tag="998" ind1=" " ind2=" ">
    <subfield code="a">u03</subfield>
    <subfield code="b">97-11-24</subfield>
    <subfield code="c">m</subfield>
    <subfield code="d">a</subfield>
    <subfield code="e">-</subfield>
    <subfield code="f">ara</subfield>
    <subfield code="g">mr </subfield>
    <subfield code="h">0</subfield>
    <subfield code="i">2</subfield>
  </datafield>
</record>
</collection>
